@article{paper:pacs,
	author={Machalov\'{a}, J. and Hron,  K. and Monti, G.S.},
	title={Preprocessing of centred logratio
	transformed density functions using smoothing splines},
	journal={Journal of Applied Statistics},
	volume={43},
	pages={1419-1435},
	year={2016},
}


@article{menafoglio:psc,
	author={Menafoglio, A. and Guadagnini, A. and Secchi, P.},
	title={Stochastic Simulation of Soil Particle-Size Curves in Heterogeneous Aquifer Systems through a Bayes space approach},
	journal= {Water Resources Research},
	volume = {52},
	pages = {5708-5726},
	year={2016b},
}





